3176 4860
315 282 356 347 14
666 299 783 349 cousx
806 301 1010 350 cneoumus.
1045 299 1129 350 nr.1

239 465 289 520 791
310 457 455 526 TURUM
483 458 595 526 SUIS·
621 458 784 527 DEESSE
814 459 1143 528 SUCCESSORIBUS
1166 457 1398 542 viscosus,
1428 455 1483 524 UT

311 573 540 642 sciturum*
569 574 664 642 EST:
696 574 981 661 „SAPIENTIAM
1014 575 1182 644 OMNIUM
1208 571 1485 654 ANTIQUORUM

309 689 520 769 EXQUlRET
544 688 765 762 SAPIENS“¹
787 691 843 758 ET
866 691 1041 760 CETERA.

312 1135 344 1203 1.
377 1133 550 1222 Gregorius
561 1135 624 1201 III
637 1160 730 1224 popo
746 1135 855 1202 Caroli
869 1137 1013 1202 Marcelli
1027 1137 1184 1202 ancilium
1200 1139 1314 1202 comm
1329 1135 1485 1222 implorat

374 1265 484 1318 contra
507 1251 747 1338 Langobardos.
788 1254 942 1319 Deridere‘
964 1276 997 1320 ee
1018 1255 1144 1336 scribit,
1174 1253 1260 1340 quod
1280 1275 1369 1339 speon
1391 1273 1484 1316 meum

372 1370 408 1432 io
431 1389 466 1433 co
490 1371 708 1434 commacerat&
1193 1367 1329 1451 (0012,
1354 1365 1431 1432 Cen.
1450 1365 1483 1446 2)

236 1507 288 1562 139
355 1492 359 1502 ’
395 1499 533 1567 Domino
568 1501 831 1568 excellentissimo
865 1500 930 1568 lilio
965 1501 1078 1570 Carolo
1111 1501 1279 1585 subregulo
1309 1497 1484 1593 Gregorius

305 1635 399 1704 Pill-

352 1745 358 1752 ’
395 1729 443 1798 Ob
465 1732 598 1799 nimium
622 1729 763 1799 dolerem
786 1731 890 1798 cordis
917 1737 949 1798 et
970 1731 1117 1799 lacrimas
1140 1732 1256 1798 iterata
1278 1727 1384 1802 vicae¹
1407 1737 1485 1807 tuse

305 1845 514 1914 excellentiae
542 1847 754 1914 necessarium
784 1847 933 1913 duximus
961 1845 1176 1929 scribendum
1210 1845 1421 1930 confidentes,
1452 1852 1485 1912 te

306 1983 375 2029 esse
399 1967 571 2029 amatorem
595 1963 694 2028 filium
718 1963 802 2030 beati
825 1962 912 2029 Petri
940 1963 1094 2050 principis
1122 1963 1336 2049 apostolorum
1364 1968 1398 2028 et
1426 1981 1485 2028 uo·

305 2083 422 2162 strum,
452 2083 484 2145 et
513 2079 596 2164 quud
625 2099 683 2165 pro
712 2079 779 2144 eius
807 2079 989 2145 reverencia
1010 2079 1126 2145 nostris
1149 2077 1297 2145 oboedias
1320 2077 1485 2144 mandatis

306 2195 347 2260 ad
375 2193 603 2260 defendendam
633 2194 779 2260 eclesiam
806 2193 867 2260 Dei
897 2201 929 2260 et
958 2193 1148 2280 peculiarem
1178 2195 1341 2280 populum.
1382 2191 1485 2273 Quia¹

304 2309 368 2376 iem
392 2309 646 2396 persecucionem
673 2313 706 2376 et
727 2311 962 2394 oppressionem
985 2309 1088 2393 gentis
1110 2307 1391 2392 Langobardorum
1417 2309 1485 2376 sui·

303 2427 387 2492 ierne
409 2445 473 2492 non
497 2442 674 2512 possumus.
710 2423 825 2490 Omnia
840 2425 924 2490 enim
939 2420 1126 2490 luminaria⁸
1142 2423 1181 2490 ad
1200 2425 1301 2512 ipsine
1324 2425 1486 2512 principis

305 2539 535 2628 apostolerum,
565 2545 598 2607 et
627 2561 707 2626 quse
735 2540 889 2605 avestris
917 2539 1101 2625 parentibus
1130 2539 1180 2606 uel
1208 2541 1341 2607 euobis
1369 2537 1487 2606 offer-ta

305 2662 394 2742 sunt,
425 2657 486 2743 ipsi
501 2647 721 2723 ¹abstulerunt
790 2654 833 2720 Et
856 2655 1003 2737 quoniam
1028 2655 1067 2719 ad
1089 2661 1121 2721 te
1150 2661 1222 2742 post
1244 2655 1348 2722 Deum
1371 2655 1486 2722 mniu-

303 2773 392 2857 gium
414 2771 556 2854 fecimus,
578 2775 750 2856 propterea
771 2789 829 2834 nos
851 2768 914 2854 ipsi
930 2765 1131 2851 Langobardi
1153 2773 1187 2836 in
1203 2769 1411 2857 obprobrium
1426 2771 1487 2837 ba·

304 2887 382 2954 bent
408 2889 440 2951 ot
467 2885 660 2971 opprimunt.
700 2881 793 2949 Unde
819 2888 852 2949 et
880 2883 994 2949 eclesia
1016 2885 1117 2951 sancti
1139 2883 1225 2952 Petri
1248 2885 1412 2953 denudata
1435 2891 1488 2954 est

305 3007 338 3069 et
359 3002 393 3067 in
416 3000 547 3065 nimiam
568 2997 817 3064 dessciscionem
839 2997 976 3090 redacta

396 3113 514 3180 Tamen
543 3133 651 3179 omnes
681 3119 805 3178 nostros
834 3113 956 3180 dolores
986 3113 1131 3181 subtilius
1164 3115 1197 3181 in
1225 3136 1280 3183 ore
1313 3114 1487 3203 posuimus

304 3229 465 3318 praesenti
488 3228 644 3315 portitori,
672 3235 727 3296 tuo
749 3227 844 3312 fideli,
868 3247 928 3314 que
949 3229 983 3293 in
1007 3229 1134 3296 auribus
1156 3237 1231 3298 tuae
1254 3231 1487 3300 excellenciue·

305 3364 473 3430 suggerere
496 3341 617 3409 deberet.

395 3461 443 3526 Tu
464 3463 570 3525 eutem
585 3453 630 3525 fili
648 3457 765 3524 babeas
788 3476 860 3523 cum
882 3459 945 3544 ipsi
967 3457 1110 3544 principe
1134 3459 1351 3546 apestolorum
1375 3463 1429 3530 bic
1453 3469 1489 3532 st

305 3567 338 3644 in
366 3577 473 3642 futura
499 3573 567 3640 rite
594 3591 701 3639 eoram
729 3573 937 3658 omnipotenti
964 3571 1032 3638 Deo
1060 3579 1182 3658 nostro,
1212 3577 1297 3643 sicut
1323 3597 1384 3664 pro
1415 3581 1489 3646 eius

305 3691 420 3759 eclesia
442 3695 475 3756 et
494 3695 605 3754 nostra
626 3687 807 3754 defensioue
823 3686 1014 3772 disposueris
1030 3693 1063 3753 et
1076 3688 1287 3757 decertaveris
1310 3693 1372 3760 sub
1395 3697 1488 3762 omni

305 3805 487 3886 velocitate3
511 3809 548 3869 ut
562 3809 752 3887 cognoscent
767 3823 876 3869 omnes
892 3806 1000 3885 gentes
1023 3807 1109 3867 tuem
1133 3801 1226 3871 fldem
1251 3811 1284 3873 et
1306 3806 1488 3894 puritatem

305 3925 400 4005 etque
423 3937 572 4003 amorem,
597 3938 677 4002 quae
695 3917 791 3985 babes
815 3938 891 4000 erge
912 3917 1086 4003 principem
1111 3919 1327 4004 apostulorum
1351 3924 1489 3994 boetem

378 4067 399 4099 1.
423 4051 498 4099 SUAE
515 4071 535 4098 c.
600 4051 624 4097 b.
648 4049 801 4098 SGRPPTUU
817 4067 837 4096 0.
900 4061 920 4095 c.
944 4067 974 4093 ex
989 4049 1311 4106 sumpt—tatem.-
1328 4055 1402 4103 Ποῦ
1421 4060 1489 4119 epi.

305 4131 385 4180 stols
407 4132 540 4190 Gregorii
566 4145 656 4177 sssss
661 4130 696 4176 ds
722 4129 756 4176 sd
780 4127 912 4176 careres
939 4127 1027 4174 misas
1053 4129 1196 4178 similiter
1220 4142 1274 4196 pra
1301 4134 1489 4188 detonare„

305 4213 424 4256 ssuotse
444 4209 496 4256 Dei
517 4209 670 4256 ecclesias.
747 4206 771 4253 d.
795 4221 848 4266 qe.
925 4219 945 4251 s.
970 4205 1110 4254 excelleucse
1126 4227 1146 4254 c.

377 4305 402 4360 1.
421 4304 504 4360 Eccli.
517 4305 560 4375 39,
581 4305 606 4359 1.
696 4302 722 4355 2.
741 4299 896 4368 deputem,
919 4313 989 4366 quae
1007 4299 1100 4370 periit,
1122 4303 1336 4362 sollemnissime
1352 4308 1490 4381 implora·

304 4393 379 4449 tione
398 4409 424 4449 v.
436 4393 557 4464 Regesta
573 4391 650 4462 pont.
663 4389 742 4444 Rom.
759 4403 787 4457 p.
802 4387 854 4441 182
870 4401 898 4440 11.
911 4385 989 4441 1782.
1078 4389 1105 4444 8.
1123 4389 1245 4465 munds,
1265 4393 1352 4454 buna.
