3176 4860
520 1203 943 1303 PROOEMIUM.

139 1554 318 1684 principi
334 1583 593 1684 imperatorum
610 1584 721 1660 medii
739 1585 819 1660 aevi
839 1589 985 1683 quartos
1004 1584 1062 1660 hic
1076 1584 1316 1665 bibliothecae

140 1733 260 1804 tomus
289 1726 470 1802 adhibitus
498 1733 563 1802 est.
606 1729 725 1826 Atque
753 1733 793 1802 ut
820 1725 940 1803 Caroli
962 1727 1083 1823 Magni
1110 1751 1169 1803 res
1198 1735 1317 1824 gestas

142 1869 189 1943 ad
215 1869 428 1943 memoriam
455 1869 661 1944 universam
679 1869 824 1964 generis
843 1869 990 1944 hnmani
1008 1869 1114 1945 unice
1133 1871 1316 1968 pertinere

142 2015 301 2102 constat,
336 2010 389 2085 sic
424 2011 645 2110 amplissima
676 2011 875 2086 litterarum
908 2017 1141 2086 monumenta
1176 2012 1215 2086 in
1246 2013 1316 2088 hoc

141 2152 313 2227 volumen
341 2151 520 2227 conducta
547 2153 655 2228 etiam
681 2152 791 2248 longe
819 2157 919 2227 extra
937 2151 1199 2228 Germanorum
1225 2155 1317 2230 fines

141 2293 262 2370 lucem
296 2293 489 2370 historicae
525 2294 743 2390 cognitionis
779 2299 816 2368 et
849 2295 1060 2370 nominatim
1094 2295 1240 2394 quidem
1272 2295 1317 2372 ad

141 2459 202 2510 res
231 2435 372 2510 italicas
400 2433 629 2534 Gallicasqne
658 2435 839 2528 delerant,
872 2437 1061 2512 imovero
1089 2460 1318 2514 communem

140 2584 220 2652 tum
253 2577 505 2652 ascensionem
539 2577 689 2652 duarum
721 2577 863 2653 illarum
894 2583 1112 2678 potestatum
1140 2578 1316 2677 aperiunt

141 2718 353 2818 pontificiae
381 2725 418 2793 et
444 2719 717 2818 imperatoriae,
753 2741 904 2818 quarum
932 2721 1143 2816 gravissima
1170 2727 1206 2794 et
1232 2745 1316 2820 per·

144 2860 314 2935 diuturna
341 2862 538 2936 certamino
565 2860 738 2961 deinceps
764 2867 959 2937 consecuta
977 2861 1217 2961 complurium
1237 2885 1316 2938 sae-

144 3003 309 3079 culorum
335 3004 547 3079 memoriam
574 3004 729 3080 maxime
758 3005 955 3079 continent.

250 3143 368 3218 Huius
409 3146 531 3244 operis
576 3145 808 3221 fundamenta
845 3168 904 3220 me
948 3145 1070 3220 iacere
1114 3144 1318 3239 ingressum

141 3291 381 3385 posteaquam
409 3286 630 3384 aliquantum
657 3287 831 3385 temporis
851 3285 1003 3362 detinuit
1023 3283 1071 3376 id,
1101 3307 1172 3383 quo
1192 3309 1317 3361 omnes

142 3428 255 3502 animi
289 3451 428 3502 summe
463 3428 764 3538 sollicitabantur,
800 3427 1151 3539 veheuaentissimum
1185 3427 1318 3504 bellum

142 3569 334 3669 superiore
353 3592 449 3645 anno
469 3575 620 3665 gestum,
650 3570 695 3645 aa
711 3535 900 3682 reapse
918 3562 1075 3672 saucium
1095 3569 1169 3645 ooo
1186 3568 1316 3646 biono-

140 3712 266 3787 thecas
311 3711 597 3810 imperialem
642 3706 976 3802 Pari-aiensem,
1019 3709 1317 3804 Mettensem,

143 3852 306 3930 Sancti
352 3849 496 3944 Galli,
548 3824 1114 3954 regiamssroonsoeosom‚
1161 3849 1318 3926 Sancti

139 3993 365 4086 Floriani,
404 4017 661 4070 caesaream
687 3976 1106 4072 Vindoboncnsem.
1156 3991 1317 4092 Itemque

142 4136 243 4212 domi
275 4141 422 4234 praesto
450 4136 538 4211 milri
567 4137 712 4212 fuerunt
737 4137 902 4213 nonnulli
930 4142 1159 4212 externarum
1185 4135 1316 4212 biblio·

139 4279 331 4354 thecarum
356 4277 440 4352 libri
466 4301 576 4354 manu
603 4279 741 4378 scripti,
770 4279 868 4355 velut
893 4277 1133 4356 bibliothecae
1161 4301 1316 4354 caesa-
