3126 4842
328 325 396 394 894
675 344 863 394 sauronam
884 343 1091 394 onnonnrsu
1114 313 1161 394 ‘aa

235 519 287 574 arr
327 504 414 572 omni
436 502 531 571 modo
553 509 628 572 sunt
650 502 838 592 inploranda
861 501 1027 589 suffragim
1056 509 1101 590 ut,
1125 504 1180 591 qul
1202 505 1329 572 nomine
1348 503 1425 572 illim
1443 503 1478 570 ri·

215 593 307 640 ω
326 621 416 706 gnati
438 641 547 688 snmus
569 624 602 688 et
622 620 655 686 in
679 620 918 708 dispensacione
940 621 1097 708 passionis
1121 620 1188 688 cius
1211 618 1251 686 ab
1265 625 1371 689 aterum
1385 619 1479 688 mortis

326 735 467 824 periculo
490 755 548 803 nos
564 736 744 824 redemptos
761 757 830 804 esse
845 735 1041 822 confidimus,
1065 755 1113 821 ea,
1137 755 1218 823 qnae
1240 734 1311 824 ipso
1325 735 1480 822 inspirante

326 852 526 937 inchoamus,
555 853 596 920 ed
624 853 792 920 honestum
820 857 854 920 ct
874 853 985 920 utilem
1008 852 1214 940 pemoccionis
1236 851 1401 920 terminum
1421 871 1481 938 par·

327 967 441 1037 ducere
460 988 648 1037 mereamur.

416 1083 453 1151 In
480 1085 569 1152 cuius
598 1085 725 1152 nemine
757 1089 852 1170 atque
886 1083 1005 1152 honore
1031 1084 1171 1169 legatum
1198 1082 1481 1164 maternitatem,

327 1211 437 1287 quem·
461 1200 501 1267 ad
529 1201 630 1269 bonae
657 1199 882 1284 reeordationis
909 1197 1010 1265 filium
1038 1206 1183 1267 nostum
1205 1198 1352 1286 Pipinnm
1375 1190 1482 1282 regem'

255 1329 309 1386 810
326 1317 475 1405 misistis,
504 1315 663 1383 Arsafium
696 1314 817 1382 scilicet
847 1313 1020 1398 gloriosum
1048 1316 1241 1402 spatarium,
1274 1315 1315 1382 ad
1342 1333 1398 1382 nos
1423 1331 1483 1380 cnm

260 1454 310 1504 oca
325 1432 430 1500 verbis
453 1437 486 1500 et
506 1431 608 1500 literis
631 1432 728 1498 ...st
750 1435 805 1498 tue
828 1430 961 1514 benigna
983 1437 1078 1516 atque
1099 1431 1270 1500 honorilice
1292 1429 1483 1517 suscepimus

326 1547 369 1617 Et
391 1549 554 1635 quamuis⁰
578 1549 617 1616 ed
639 1568 697 1616 nos
720 1547 836 1614 missus
859 1566 922 1613 non
945 1547 1073 1632 fuisset,
1101 1546 1200 1615 veluti
1223 1547 1263 1614 ad
1286 1566 1345 1615 nos
1366 1546 1485 1614 ιιιὶεευω

325 1664 469 1734 adhibita
495 1665 639 1750 diligenti
667 1683 743 1732 cura
771 1668 805 1732 at
832 1662 1010 1731 audivimus
1039 1668 1072 1730 ot
1098 1681 1171 1730 cnm
1198 1683 1235 1731 co
1258 1663 1298 1732 (le
1324 1663 1389 1749 luis,
1416 1679 1486 1747 quac

213 1821 217 1828 ·
325 1779 467 1866 dqtnlitl,
490 1781 566 1867 quio
588 1781 777 1869 prudentem
798 1777 1090 1864 animadvertimus,
1113 1778 1366 1848 conlocucionem
1388 1775 1487 1846 habui·

325 1893 423 1964 mus¹.
456 1896 523 1964 Noc
543 1897 703 1982 inmerito,
725 1915 798 1964 cum
820 1899 911 1962 tanto
932 1901 1018 1963 esset
1037 1915 1102 1964 non
1123 1895 1225 1963 solum
1249 1895 1283 1962 in
1302 1894 1404 1964 literis
1419 1911 1486 1978 quar

325 2012 459 2098 attulit·,
482 2013 539 2082 sed
561 2013 660 2080 eciam
682 2013 717 2080 in
739 2012 854 2096 verbis,
879 2029 959 2097 qnae
982 2031 1023 2080 cx
1045 2031 1099 2080 ore
1121 2011 1208 2078 illius
1229 2011 1349 2078 nostris
1372 2008 1488 2078 sumtus

324 2128 547 2215 insonuerunt,
577 2134 705 2217 optatae
731 2147 769 2196 ac
795 2147 920 2214 semper
942 2127 1080 2215 optaude
1103 2129 1191 2215 pacis
1213 2127 1321 2214 eopia,
1351 2131 1388 2194 ut
1408 2121 1489 2192 valde

324 2244 431 2312 nobis‘
457 2251 491 2312 ct
518 2245 766 2331 quibuscumque
793 2243 896 2312 Deum
924 2243 1109 2313 timentibus
1136 2242 1355 2311 huiuscemodi
1380 2237 1489 2326 legam

324 2359 450 2447 placere
472 2361 637 2448 potuisset
676 2359 762 2440 Quae
784 2361 894 2445 ntique
915 2365 1003 2427 tanto
1025 2359 1087 2426 init
1108 2360 1251 2427 caritatis
1278 2378 1315 2426 sc
1338 2359 1426 2447 pacis
1447 2374 1491 2424 sa·

325 2486 419 2564 pore⁸
441 2497 597 2565 respersa,
619 2480 655 2543 ut
676 2476 711 2543 in
725 2475 832 2564 palato
848 2473 951 2542 cordis
967 2475 1119 2560 oniasque
1132 2473 1234 2543 ridelis
1245 2493 1356 2542 reram
1371 2475 1492 2562 possent

324 2613 436 2681 sapere
464 2593 677 2675 dulcedinem
705 2597 875 2678 possetque
901 2591 1052 2659 iudicarih
1080 2591 1206 2676 penitus
1235 2589 1420 2678 insipieus',
1447 2585 1493 2655 oui

324 2709 402 2776 talia
430 2707 576 2777 videntur
603 2707 770 2796 insipida&
859 2707 995 2795 Propter
1023 2707 1122 2793 quod,
1150 2713 1317 2794 postquam
1346 2704 1493 2774 illumin

324 2822 402 2893 fines
423 2825 515 2910 regni
537 2824 637 2891 nostri
658 2825 840 2911 pervenisse
860 2824 1071 2910 conperimus,
1093 2823 1192 2890 ueluti
1210 2823 1348 2909 praescii
1369 2817 1492 2910 optimo¹

325 2959 363 3008 ac
383 2938 451 3009 Deo
474 2939 649 3027 conplacite
670 2939 842 3024 legationis
865 2939 944 3024 eius,
971 2944 1149 3026 temperare
1170 2937 1384 3024 nequivimus,
1407 2955 1494 3023 opor-

323 3059 400 3123 tuno
433 3077 504 3125 eum
533 3055 573 3122 cd
601 3061 743 3124 nostram
770 3055 986 3144 praesenciam
1015 3055 1123 3122 venire
1148 3054 1296 3136 lecimus3
1333 3053 1494 3122 maxima·

323 3178 445 3258 mmor,
469 3171 552 3258 quod
574 3171 638 3256 lois,
663 3171 703 3238 ad
726 3182 837 3258 quem'
860 3171 949 3238 illam
974 3171 1125 3238 missum⁰
1148 3189 1218 3238 esse
1239 3169 1424 3255 constabat,
1452 3167 1496 3234 di·

323 3286 422 3356 lectus
444 3286 528 3355 filins
551 3293 658 3356 noster
672 3287 804 3376 Pipinus
827 3308 885 3356 rex
907 3288 1015 3355 divino
1030 3286 1145 3354 iudicio
1161 3287 1224 3354 iam
1240 3287 1335 3355 rebus
1351 3282 1496 3354 humanm

323 3409 503 3473 excesserat
523 3423 625 3490 neque
647 3423 705 3472 nos
726 3403 816 3472 illurn
840 3422 912 3471 cnm
934 3403 1051 3472 infecto
1066 3403 1195 3489 negocio
1215 3407 1315 3488 tanto,
1341 3402 1385 3470 ad
1400 3399 1497 3488 quadr

322 3519 548 3609 perficiendum
571 3521 709 3589 directus
732 3525 810 3605 crat,
835 3539 969 3587 vacuum
991 3520 1108 3588 roverti
1130 3520 1197 3607 pati
1219 3519 1396 3605 potuimus.

251 3653 305 3710 808
411 3636 456 3706 Et
481 3656 546 3703 non
573 3636 675 3704 solnm
702 3641 833 3724 propter
860 3636 935 3721 hoo,
963 3635 1021 3704 sed
1049 3635 1149 3704 eciam
1172 3634 1257 3722 quod
1279 3655 1320 3704 ex
1342 3643 1497 3724 temporo,

323 3771 385 3837 qno
399 3751 503 3839 prime
519 3752 634 3838 inperii
648 3753 695 3820 tui
711 3771 793 3819 anno
808 3751 994 3821 Michaelem
1009 3751 1287 3839 metropolitanum
1302 3757 1336 3820 et
1351 3750 1499 3820 Petrum*

395 3949 417 3984 ι.
456 3951 536 3984 nac.
644 3938 776 3985 clama
822 3938 992 3985 memma.
1100 3940 1226 3999 cquis.
1322 3938 1498 4002 ammte.

595 4031 668 4066 .nos
685 4037 705 4066 c.
798 4017 1324 4076 consuluissemus
1349 4019 1499 4066 omium

844 4096 1030 4144 mmmmm
1115 4099 1245 4160 Μαῖα.
1330 4101 1500 4146 multane.

323 4176 547 4238 causanda·
634 4111 819 4238 zoom„
792 4180 932 4239 :cresim
918 4176 1094 4240 oppam.

396 4281 421 4336 1.
439 4281 542 4352 Italico,
560 4281 608 4350 qui
625 4279 738 4336 obiitd.
752 4281 848 4338 8lulii
866 4296 891 4336 a
904 4281 966 4337 810.
1043 4283 1069 4336 a.
1088 4297 1125 4338 m.
1138 4280 1248 4338 Octobri
1266 4282 1369 4338 a810.
1394 4281 1500 4338 Un-

323 4369 400 4426 noles
417 4369 506 4436 (llon.
519 4367 610 4426 Germ.
623 4367 699 4425 ss.1
716 4370 785 4438 198)
802 4369 869 4426 81οε
891 4369 1059 4442 ,Imperator
1075 4371 1251 4442 aquasgrani
1270 4371 1387 4428 recisus
1405 4381 1499 4428 mm

324 4455 461 4529 Octobriq
475 4488 507 4498 -
520 4457 672 4529 legationes
684 4457 791 4514 audivit
808 4473 960 4530 pacemque
972 4473 1035 4516 cum
1047 4457 1168 4518 Niciioro
1179 4460 1344 4533 imperatore
1357 4489 1395 4502 -
1407 4455 1499 4516 ΜΕ
